@article{usdacov,
	author = {USDA},
	title = {Appendix E: Selecting an Appropriate Covariance Structure},
  url = {https://www.ars.usda.gov/ARSUserFiles/80000000/StatisticsGroupWebinars/Appendix%20E%20-%20Selecting%20a%20Covariance%20Structure.pdf},
  year = {n.d.},
  pages = {E.1 - E.8}
}

@online{purdue,
  author = {Lipka, Alex and Tyner, Benjamin},
  title = {Repeated Measures Covariance Structure},
  url = {https://www.stat.purdue.edu/scs/help/method/Repeated%20measures%20analysis.pdf},
  year = {2004},
  date = {7-11-2004},
  Publisher = {Statistical Consulting Service - Purdue University}
}
  
@online{Statology,
  author = {Bobbit, Zach},
  title = {How to Interpret Negative AIC Values},
  url = {https://www.statology.org/negative-aic/},
  year = {2021},
  date = {10-5-2021},
  Publisher = {Statology}
}
