article{,
	title = {},
	author = {},
	year = {},
	date = {},
	journal = {},
	doi = {},
	url = {}
}

misc{,
  author    = {},
  title     = {},
  url       = {},
  year   = {}
}
